<?xml version="1.0" encoding="UTF-8"?><collection xmlns="http://www.loc.gov/MARC21/slim"><record><leader>00547nam--2200181-i-4500</leader><controlfield tag="001">000026328</controlfield><controlfield tag="002">20161230</controlfield><controlfield tag="005">20161230201036</controlfield><controlfield tag="008">060222s1000------------r-----000-0-eng-d</controlfield><datafield ind1=" " ind2=" " tag="040"><subfield code="a">IFIN-HH</subfield></datafield><datafield ind1=" " ind2=" " tag="080"><subfield code="a">535.6:538.9</subfield></datafield><datafield ind1="1" ind2=" " tag="100"><subfield code="a">Galasso, Francis S</subfield></datafield><datafield ind1="1" ind2="0" tag="245"><subfield code="a">Structure, properties and preparation od perovskite-type compounds</subfield><subfield code="c">Francis s</subfield></datafield><datafield ind1=" " ind2=" " tag="260"><subfield code="a">Oxford</subfield><subfield code="b">Pergamon Press</subfield><subfield code="c">1969</subfield></datafield><datafield ind1=" " ind2=" " tag="300"><subfield code="a">X+207P</subfield></datafield><datafield ind1=" " ind2=" " tag="490"><subfield code="a">International Series Of Monographs On Solid State Physics</subfield><subfield code="v">Vol. 5</subfield></datafield><datafield ind1=" " ind2=" " tag="852"><subfield code="a">17947</subfield><subfield code="c">539.2</subfield></datafield><datafield ind1=" " ind2=" " tag="CAT"><subfield code="a">Sys</subfield><subfield code="c">20121004</subfield><subfield code="h">155738</subfield></datafield></record></collection>